<?xml version="1.0" encoding="UTF-8"?><collection xmlns="http://www.loc.gov/MARC21/slim"><record><leader>00326nam--2200121-i-4500</leader><controlfield tag="001">000033618</controlfield><controlfield tag="002">20161230</controlfield><controlfield tag="005">20161230201039</controlfield><controlfield tag="008">060222s1000------------r-----000-0-eng-d</controlfield><datafield ind1=" " ind2=" " tag="100"><subfield code="a">Neblette, C.B</subfield></datafield><datafield ind1=" " ind2=" " tag="245"><subfield code="a">Photography. itss materials and processes</subfield></datafield><datafield ind1=" " ind2=" " tag="260"><subfield code="a">New York, D.Van Nostrand Co. Inc.,1958. Vii + 500p</subfield></datafield><datafield ind1=" " ind2=" " tag="852"><subfield code="a">14865</subfield></datafield></record></collection>